
@misc{UnityVUnreal,
title = "Unity vs Unreal Engine: which game engine is for you?",
howpublished={\url{https://www.creativebloq.com/advice/unity-vs-unreal-engine-which-game-engine-is-for-you}}
},

@MISC{GIMPTutorial,
title = "GIMP Tutorials",
howpublished={\url{https://www.gimp.org/tutorials/}}
},

@MISC{GIMP,
title = "GIMP",
howpublished={\url{https://en.wikipedia.org/wiki/GIMP}}
},

@MISC{UnityPackages,
title = "About Unity Packages",
howpublished={\url{https://docs.unity3d.com/560/Documentation/Manual/AssetPackages.html}}
},

@MISC{AboutAgile,
title = "10-key-principles-of-agile-software-development",
howpublished={\url{https://project-management.com/10-key-principles-of-agile-software-development/}}
},

@MISC{Sprints,
title = "What is Sprint",
howpublished={\url{https://yodiz.com/help/what-is-sprint/}}
},

@MISC{Unity,
title = "What is Unity",
howpublished={\url{https://unity.com/}}
},

@MISC{AboutGitHub,
title = "What is Github",
howpublished={\url{https://www.howtogeek.com/180167/htg-explains-what-is-github-and-what-do-geeks-use-it-for/}}
},

@MISC{UnrealEngine4,
title = "Unreal Engine 4",
howpublished={\url{https://www.unrealengine.com/en-US/}}
},

@MISC{TMPRO,
title = "What is Text Mesh Pro",
howpublished={\url{https://docs.unity3d.com/Manual/com.unity.textmeshpro.html}}
},

@MISC{AdobePhotoshop,
title = "About Adobe Photoshop",
howpublished={\url{https://www.adobe.com/ie/products/photoshop.html}}
},

@MISC{AboutAdobePhotoshop,
title = "About Adobe Photoshop",
howpublished={\url{https://en.wikipedia.org/wiki/Adobe_Photoshop}}
},

@MISC{AdobePhotoshopVGIMP,
title = "Adobe Photoshop VS GIMP",
howpublished={\url{https://www.digitaltrends.com/photography/gimp-vs-photoshop/}}
},
@MISC{CSharp,
title = "What is C\#",
howpublished={\url{https://www.c-sharpcorner.com/article/what-is-c-sharp/}}
},
@MISC{LaTeX,
title = "What is LaTeX",
howpublished={\url{https://www.latex-project.org/}}
},

@MISC{AboutLaTeX,
title = "About LaTeX",
howpublished={\url{https://www.latex-project.org/about/}}
},

@MISC{GameEngines,
title = "Top 12 Free Game Engines For Beginners \& Experts Alike ",
howpublished={\url{https://conceptartempire.com/free-game-engines/}}
},

@MISC{VSCode,
title = "Why VS Code",
howpublished={\url{https://code.visualstudio.com/docs/editor/whyvscode}}
},

